<?xml version="1.0" encoding="UTF-8"?><collection xmlns="http://www.loc.gov/MARC21/slim"><record><leader>00336nam--2200133-i-4500</leader><controlfield tag="001">000012849</controlfield><controlfield tag="002">20161230</controlfield><controlfield tag="005">20161230201030</controlfield><controlfield tag="008">060222s1000------------r-----000-0-eng-d</controlfield><datafield ind1=" " ind2=" " tag="245"><subfield code="a">Boron and refractory borides. with 271 fig</subfield></datafield><datafield ind1=" " ind2=" " tag="260"><subfield code="a">Berlin, Springer-verlag, 1977</subfield></datafield><datafield ind1=" " ind2=" " tag="490"><subfield code="a">Vii + 656 P</subfield></datafield><datafield ind1=" " ind2=" " tag="700"><subfield code="a">Matkovich, V.I</subfield></datafield><datafield ind1=" " ind2=" " tag="852"><subfield code="a">546.27</subfield></datafield></record></collection>